# INTRODUÇÂO
@inproceedings{davis,
  author={Chad E. Davis and James J. Sluss and Thomas L. Landers and Pakize S. Pulat},
  year={2013},
  title={Innovative practices for engineering professional development courses},
  booktitle={In Frontiers in Education Conference, IEEE},
  url={http://ieeexplore.ieee.org/abstract/document/6684898/}
}

@inproceedings{ajax,
  author={Ricardo Ajax Dias Kosloski},
  year={2019},
  title={Considerações sobre o uso do PGTBL},
}

@article{cabrera,
 author={Ignacio Cabrera and Jorge Villalon and Jorge Chavez},
 year={2017},
 title={Blending Communities and Team-Based Learning in a Programming Course.},
 journal={IEEE Transactions on Education}
}

@manual{barbosa,
  author={Eduardo F. Barbosa and Dácio G. de Moura},
  year={2013},
  title={Metodologias ativas de aprendizagem na educação profissional e tecnológica},
  note={Boletim Técnico do Senac 39},
  pages={48–67}
}

@article{gomez,
  author={Elizabeth A. Gomez and Dezhi Wu and Katia Passerini},
  year={2010},
  title={Computer-Supported Team-Based Learning: The Impact of Motivation, Enjoyment and Team Contributions on Learning Outcomes},
  journal={Computers and Education}
}

@article{kam,
  author={Hwee-Joo Kam and Pairin Katerattanakul},
  year={2014},
  title={Structural Model of Team-Based Learning Using Web 2.0 Collaborative Software},
  journal={Computers and Education}
}

@inproceedings{awatramani,
  author={Mihir Awatramini and Diane Rover},
  year={2015},
  title={Team-based learning course design and assessment in computer engineering},
  booktitle={In Frontiers in Education Conference (FIE) - IEEE}
}

@article{alhomod,
  author={Sami M. Alhomod and Mohd M. Shafi},
  year={2013},
  title={Facebook as a tool to Enhance Team Based Learning},
  journal={International Journal of Computer Science}
}

@inproceedings{berge,
  author={Z. Berge and M. Collins},
  year={1993},
  title={Computer conferencing and online education},
  journal={The Abrachnet Electronic Journal on Virtual Culture},
}

@inproceedings{moran,
  author={Jose Moran},
  year={2015},
  title={Mudando a educação com metodologias ativas},
}

@inproceedings{soares,
  author={Michel dos Santos Soares},
  year={2004},
  title={Metodologias Ágeis Extreme Programming e Scrum para o desenvolvimento de Software},
  address={Universidade Presidente Antônio Carlos, MG}
}

@inproceedings{silva,
  author={F. G. Silva and S. C. P. Hoentsch and L. Silva},
  year={2009},
  title={Uma análise das metodologias ágeis FDD e Scrum sob perspectiva do modelo de qualidade MPS.BR},
  address={Universidade Federal de Sergipe, São Cristóvão}
}

# TEAM BASED LEARNING

@article{bollela,
  author={Valdes R. Bollela and Maria H. Senger and Francis S. V. Tourinho and Eliana Amaral},
  year={2014},
  title={Aprendizagem baseada em equipes: da teoria à prática},
  address={Ribeirão Preto},
  note={Medicina},
}

@article{burgess,
  author={Annette W. Burgess and Deborah M. McGregor and Craig M. Mellis},
  year={2014},
  title={Applying Established Guidelines to Team-Based Learning Programs in Medical Schools: A Systematic Review},
  journal={Academic Medicine},
  url={https://doi.org/10.1097/ACM.0000000000000162}
}

@article{sweet,
  author={Larry K. Michaelsen and Michael Sweet},
  year={2008},
  title={The Essential Elements of Team-Based Learning},
  journal={New Directions for Teaching and Learning 2008}
}

@article{matalonga,
  author={Santiago Matalonga and Gaston Mousques and Alejandro Bia},
  year={2017},
  title={Deploying Team-Based Learning at Undergraduate Software Engineering Courses},
  journal={IEEE/ACM 1st International Workshop on Software Engineering Curricula for Millennials (SECM)}
}

@inproceedings{elnagar,
  author={Ashraf Elnagar and Mahir S. Ali},
  year={2012},
  title={A modified team-based learning methodology for effective delivery of an introductory programming course},
  booktitle={In Proceedings of the 13th annual conference on Information technology education}
}

@article{ramos,
  author={Cristiane Soares Ramos and Ricardo Ajax Dias Kosloski and Elaine Venson and Rejane M. da Costa Figueiredo and
  Victor Hugo A. Deon},
  year={2018},
  title={TBL as an active learning-teaching methodology for Software Engineering courses},
  journal={In XXXII Brazilian Symposium on software engineering (SBES 2018)},
  address={São Carlos},
  url={https://dl.acm.org/citation.cfm?id=3266253}
}

@article{dean,
  author={Larry K. Michaelsen and Michael Sweet and Dean Parmelee},
  year={2008},
  title={Team-Based Learning: Small Group Learning's Next Big Step},
  journal={New Directions for Teaching and Learning},
  address={San Francisco, CA}
}

# METODOLOGIA

@misc{leonardo,
  author={Leonardo Cambraia Correa},
  year={2018},
  title={Desafios, Agilidade e Simplicidade: Uma Abordagem para Desenvolvimento Mobile},
}

@misc{safe,
  title={SAFe: Scaled Agile Framework},
  year={2018},
  url={https://www.scaledagileframework.com/},
  note={Acessado em: 28 de Abril de 2018.}
}

@book{pressman,
  author={Roger S. Pressman},
  year={1997},
  title={Software Engineering: A Practitioner's Approach}
}

# CASO DE USO

@misc{questionario,
  author={James R. Lewis},
  year={1993},
  title={IBM Computer Usability Satisfaction Questionnaires: Psychometric Evaluation and Instruction for User},
  address={Boca Raton, Florida}
}
